<record><leader>00000cas a22000007a 4500</leader><controlfield tag="001">11192504</controlfield><controlfield tag="008">840924d18681878gauwr ne      0    0eng d</controlfield><datafield ind1=" " ind2=" " tag="010"><subfield code="a">sn 84031635 </subfield></datafield><datafield ind1=" " ind2=" " tag="040"><subfield code="a">NYG</subfield><subfield code="b">eng</subfield><subfield code="c">NYG</subfield><subfield code="d">NPU</subfield><subfield code="d">NPX</subfield><subfield code="d">DLC</subfield><subfield code="d">NPI</subfield><subfield code="d">NLG</subfield><subfield code="d">DLC</subfield><subfield code="d">GUA</subfield><subfield code="d">OCLCF</subfield><subfield code="d">OCLCO</subfield></datafield><datafield ind1="1" ind2=" " tag="029"><subfield code="a">AU@</subfield><subfield code="b">000025473229</subfield></datafield><datafield ind1=" " ind2=" " tag="042"><subfield code="a">msc</subfield></datafield><datafield ind1=" " ind2=" " tag="043"><subfield code="a">n-us-ga</subfield></datafield><datafield ind1="0" ind2=" " tag="130"><subfield code="a">Weekly constitution (Atlanta, Ga. : 1868)</subfield></datafield><datafield ind1="0" ind2="4" tag="245"><subfield code="a">The Weekly constitution.</subfield></datafield><datafield ind1="0" ind2="3" tag="246"><subfield code="a">Atlanta weekly constitution</subfield></datafield><datafield ind1=" " ind2=" " tag="260"><subfield code="a">Atlanta, Ga. :</subfield><subfield code="b">W.A. Hemphill &amp; Co.,</subfield><subfield code="c">[1868-1878].</subfield></datafield><datafield ind1=" " ind2=" " tag="300"><subfield code="a">v.</subfield></datafield><datafield ind1=" " ind2=" " tag="310"><subfield code="a">Weekly</subfield></datafield><datafield ind1="1" ind2=" " tag="362"><subfield code="a">Began in 1868.</subfield></datafield><datafield ind1="0" ind2=" " tag="362"><subfield code="a">-v. 11, no. 16 (Oct. 8, 1878).</subfield></datafield><datafield ind1=" " ind2=" " tag="580"><subfield code="a">Daily ed.: Constitution (Atlanta, Ga. : 1868), 1868-1869, and: Atlanta constitution (Atlanta, Ga. : 1869), 1869-1875, and: Atlanta daily constitution, 1875, and: Constitution (Atlanta, Ga. : 1875), 1875-1876, and: Daily constitution (Atlanta, Ga.), 1876-1878.</subfield></datafield><datafield ind1=" " ind2="0" tag="651"><subfield code="a">Atlanta (Ga.)</subfield><subfield code="v">Newspapers.</subfield></datafield><datafield ind1=" " ind2="0" tag="651"><subfield code="a">Fulton County (Ga.)</subfield><subfield code="v">Newspapers.</subfield></datafield><datafield ind1=" " ind2="7" tag="655"><subfield code="a">Newspapers.</subfield><subfield code="2">fast</subfield><subfield code="0">(OCoLC)fst01423814</subfield></datafield><datafield ind1=" " ind2="7" tag="651"><subfield code="a">Georgia</subfield><subfield code="z">Atlanta.</subfield><subfield code="2">fast</subfield><subfield code="0">(OCoLC)fst01204627</subfield></datafield><datafield ind1=" " ind2="7" tag="651"><subfield code="a">Georgia</subfield><subfield code="z">Fulton County.</subfield><subfield code="2">fast</subfield><subfield code="0">(OCoLC)fst01211153</subfield></datafield><datafield ind1=" " ind2=" " tag="752"><subfield code="a">United States</subfield><subfield code="b">Georgia</subfield><subfield code="c">Fulton</subfield><subfield code="d">Atlanta.</subfield></datafield><datafield ind1="1" ind2=" " tag="775"><subfield code="t">Constitution (Atlanta, Ga. : 1868)</subfield><subfield code="w">(DLC)sn 85035943</subfield><subfield code="w">(OCoLC)12539647</subfield></datafield><datafield ind1="1" ind2=" " tag="775"><subfield code="t">Atlanta constitution (Atlanta, Ga. : 1869)</subfield><subfield code="w">(DLC)sn 83016858</subfield><subfield code="w">(OCoLC)10177529</subfield></datafield><datafield ind1="1" ind2=" " tag="775"><subfield code="t">Atlanta daily constitution</subfield><subfield code="w">(DLC)sn 83016859</subfield><subfield code="w">(OCoLC)10177631</subfield></datafield><datafield ind1="1" ind2=" " tag="775"><subfield code="t">Constitution (Atlanta, Ga. : 1875)</subfield><subfield code="w">(DLC)sn 83016860</subfield><subfield code="w">(OCoLC)10177687</subfield></datafield><datafield ind1="1" ind2=" " tag="775"><subfield code="t">Daily constitution (Atlanta, Ga.)</subfield><subfield code="w">(DLC)sn 83016861</subfield><subfield code="w">(OCoLC)10177773</subfield></datafield><datafield ind1="0" ind2="8" tag="776"><subfield code="i">Online version:</subfield><subfield code="t">Weekly constitution (Atlanta, Ga. : 1868 : Online)</subfield><subfield code="w">(DLC)  2010233905</subfield><subfield code="w">(OCoLC)612405159</subfield></datafield><datafield ind1="0" ind2="5" tag="780"><subfield code="t">Atlanta weekly sun (Atlanta, Ga. : 1872)</subfield><subfield code="w">(DLC)sn 84031680</subfield><subfield code="w">(OCoLC)11209651</subfield></datafield><datafield ind1="0" ind2="0" tag="785"><subfield code="t">Atlanta weekly constitution (Atlanta, Ga. : 1878)</subfield><subfield code="w">(DLC)sn 89053704</subfield><subfield code="w">(OCoLC)20082420</subfield></datafield></record>